%% This BibTeX bibliography file was created using BibDesk.
%% http://bibdesk.sourceforge.net/


%% Created for BangruiChen at 2015-05-07 21:22:07 -0400 


%% Saved with string encoding Unicode (UTF-8) 



@article{Yasin2,
	Author = {Yasin Abbasi-Yadkori, David Pal, Csaba Szepesvari},
	Date-Added = {2015-05-08 01:21:32 +0000},
	Date-Modified = {2015-05-08 01:22:02 +0000},
	Title = {Improved Algorithms for Linear Stochastic Bandits}}

@article{Yasin1,
	Author = {Yasin Abbasi-Yadkori, Andras Antos, Csaba Szepesvari},
	Date-Added = {2015-05-08 01:20:47 +0000},
	Date-Modified = {2015-05-08 01:21:31 +0000},
	Title = {Forced-Exploration Based Algorithms for Playing in Stochastic Linear Bandits}}

@article{Chih-Chun,
	Author = {Chih-Chun Wang, H. Vincent Poor},
	Date-Added = {2015-05-08 01:19:55 +0000},
	Date-Modified = {2015-05-08 01:20:45 +0000},
	Journal = {Journal of IEEE Transcations on Automatic Control},
	Month = {November},
	Number = {11},
	Title = {Bandit Problems with Side Observations},
	Volume = {1},
	Year = {2004}}

@article{Gabor,
	Author = {Gabor Bartok, Csaba Szepesvari},
	Date-Added = {2015-05-08 01:19:23 +0000},
	Date-Modified = {2015-05-08 01:19:53 +0000},
	Title = {Partial Monitoring with Side Information}}

@article{Xiaoting,
	Author = {Xiaoting Zhao, Peter Frazier},
	Date-Added = {2015-05-08 01:18:22 +0000},
	Date-Modified = {2015-05-08 01:18:59 +0000},
	Title = {Exploration vs. Exploitation in the Information Filtering Problem}}

@article{Paat,
	Author = {Paat Rusmevichientong, John N. Tsitsiklis},
	Date-Added = {2015-05-08 01:17:11 +0000},
	Date-Modified = {2015-05-08 01:18:09 +0000},
	Journal = {Mathematics of Operations Research},
	Month = {May },
	Number = {2},
	Pages = {395-411},
	Title = {Linearly Parameterized Bandits},
	Volume = {35},
	Year = {2010}}

@article{Gittins,
	Author = {J.C. Gittins},
	Date-Added = {2015-05-08 01:15:57 +0000},
	Date-Modified = {2015-05-08 01:17:03 +0000},
	Journal = {Journal of the Royal Statistical Society},
	Number = {148177},
	Title = {Bandit Processes and Dynamic Allocation Indices},
	Volume = {Series B(Methodological) 41 (2)}}

@article{Robbins,
	Author = {Robbins Herbert},
	Date-Added = {2015-05-08 01:11:51 +0000},
	Date-Modified = {2015-05-08 01:15:25 +0000},
	Journal = {Bulletin of American Mathematical Society},
	Number = {527535},
	Title = {Some Aspects of the Sequential Desgin of Experiments},
	Volume = {58(5)},
	Year = {1952}}
